<record><leader>00000cas a22000007a 4500</leader><controlfield tag="001">8786440</controlfield><controlfield tag="008">820918d18661869iauwr ne      0    0eng  </controlfield><controlfield tag="009">466</controlfield><datafield ind1=" " ind2=" " tag="010"><subfield code="a">sn 82014468 </subfield></datafield><datafield ind1=" " ind2=" " tag="040"><subfield code="a">DLC</subfield><subfield code="b">eng</subfield><subfield code="c">DLC</subfield><subfield code="d">NPX</subfield><subfield code="d">INP</subfield><subfield code="d">DLC</subfield></datafield><datafield ind1="1" ind2=" " tag="029"><subfield code="a">AU@</subfield><subfield code="b">000025818218</subfield></datafield><datafield ind1=" " ind2=" " tag="042"><subfield code="a">msc</subfield></datafield><datafield ind1="0" ind2="0" tag="050"><subfield code="a">Newspaper 7768-X</subfield></datafield><datafield ind1="0" ind2=" " tag="130"><subfield code="a">Eldora ledger (Eldora, Iowa : 1866)</subfield></datafield><datafield ind1="0" ind2="4" tag="245"><subfield code="a">The Eldora ledger.</subfield></datafield><datafield ind1=" " ind2=" " tag="260"><subfield code="a">Eldora, Iowa :</subfield><subfield code="b">R.H. McBride,</subfield><subfield code="c">1866-1869.</subfield></datafield><datafield ind1=" " ind2=" " tag="300"><subfield code="a">4 v. ;</subfield><subfield code="c">61-69 cm.</subfield></datafield><datafield ind1=" " ind2=" " tag="310"><subfield code="a">Weekly</subfield></datafield><datafield ind1="0" ind2=" " tag="362"><subfield code="a">Vol. 1, no. 1 (Jan. 6, 1866)-v. 4, no. 22 (June 5, 1869).</subfield></datafield><datafield ind1=" " ind2=" " tag="752"><subfield code="a">United States</subfield><subfield code="b">Iowa</subfield><subfield code="c">Hardin</subfield><subfield code="d">Eldora.</subfield></datafield><datafield ind1="0" ind2="0" tag="785"><subfield code="t">Eldora weekly ledger</subfield><subfield code="w">(DLC)sn 84027144</subfield></datafield></record>